@misc{
	reflectionConceptPic,
	author = {PhysicsLAB},
	year = {2018},
	title = {Circular Waves Reflecting off of a Straight Barrier},
	url = {http://dev.physicslab.org/img/259fff4f-b7e5-4b2d-81f9-c3eda829e407.gif},
	urldate = {2018-06-28},
	keywords = {pic}
}
@misc{
	imageSourcePic,
	author = {Martin Hering-Bertram},
	year = {2018},
	title = {Image Source Algorithm (from Computer Graphics 2018)},
	organization = {Hochschule Bremen},
	keywords = {pic}
}
@online{
	slidersExample,
	author = {{The QT Company}},
	year = {2018},
	title = {Sliders Example},
	url = {http://doc.qt.io/qt-5/qtwidgets-widgets-sliders-example.html},
	urldate = {2018-06-25},
	keywords = {src}
}
@thesis{
	waterSim,
	year = {2005},
	title = {Simulation und Visualisierung von Wasseroberflaechen},
	author = {Timo Wallrath},
	institution = {Universitaet Koblenz und Landau},
	keywords = {src}
}
@report{
	cgLec,
	year = {2018},
	title = {Simulated Acoustics (from Computer Graphics 2018)},
	author = {Martin Hering-Bertram},
	institution = {Hochschule Bremen},
	keywords = {src}
}
